<?xml version = "1.0" encoding = "UTF-8"?><record>
  <leader>01582nam#a2200433#c#4500</leader>
  <controlfield tag="005">20210409025119.0</controlfield>
  <controlfield tag="007">tu</controlfield>
  <controlfield tag="008">101012|2006####gw#####|######|||#u#ger#c</controlfield>
  <controlfield tag="003">DE-605</controlfield>
  <controlfield tag="001">990182452120206441</controlfield>
  <datafield tag="016" ind1="7" ind2=" ">
    <subfield code="a">1074614065</subfield>
    <subfield code="2">OCoLC</subfield>
  </datafield>
  <datafield tag="016" ind1="7" ind2=" ">
    <subfield code="a">1006368744</subfield>
    <subfield code="2">DE-101b</subfield>
  </datafield>
  <datafield tag="035" ind1=" " ind2=" ">
    <subfield code="a">(DE-605)HT016545462</subfield>
  </datafield>
  <datafield tag="040" ind1=" " ind2=" ">
    <subfield code="a">6</subfield>
    <subfield code="b">ger</subfield>
    <subfield code="c">DNB</subfield>
    <subfield code="d">6</subfield>
    <subfield code="e">rda</subfield>
  </datafield>
  <datafield tag="041" ind1=" " ind2=" ">
    <subfield code="a">ger</subfield>
  </datafield>
  <datafield tag="044" ind1=" " ind2=" ">
    <subfield code="c">XA-DE-NW</subfield>
  </datafield>
  <datafield tag="084" ind1=" " ind2=" ">
    <subfield code="a">Nordkirchen</subfield>
    <subfield code="0">https://nwbib.de/spatial#Q14923</subfield>
    <subfield code="2">nwbib</subfield>
    <subfield code="0">(uri) https://portal.dnb.de/opac.htm?method=simpleSearch&amp;cqlMode=true&amp;query=idn=040425525</subfield>
    <subfield code="0">(uri) http://viaf.org/viaf/sourceID/DNB|040425525</subfield>
  </datafield>
  <datafield tag="084" ind1=" " ind2=" ">
    <subfield code="a">Wohnh&#228;user</subfield>
    <subfield code="0">https://nwbib.de/subjects#N843060</subfield>
    <subfield code="2">nwbib</subfield>
  </datafield>
  <datafield tag="084" ind1=" " ind2=" ">
    <subfield code="a">Einwohnerverzeichnisse</subfield>
    <subfield code="0">https://nwbib.de/subjects#N503050</subfield>
    <subfield code="2">nwbib</subfield>
  </datafield>
  <datafield tag="090" ind1=" " ind2=" ">
    <subfield code="h">h</subfield>
  </datafield>
  <datafield tag="100" ind1="1" ind2=" ">
    <subfield code="a">Sch&#228;per, Karl</subfield>
    <subfield code="4">aut</subfield>
  </datafield>
  <datafield tag="245" ind1="1" ind2="0">
    <subfield code="a">Verzeichnis der Geb&#228;ude und ihrer Eigent&#252;mer auf dem Gebiet der Altgemeinde Nordkirchen</subfield>
    <subfield code="b">1805, 1900, 1955 und 2000</subfield>
    <subfield code="c">Herausgeber: Heimatverein der Gemeinde Nordkirchen e.V., Arbeitskreis &quot;Heimat- und Familienforschung&quot;. Ausarbeitung: Karl Sch&#228;per, Heinz Zimmer</subfield>
  </datafield>
  <datafield tag="264" ind1=" " ind2="1">
    <subfield code="a">Nordkirchen</subfield>
    <subfield code="b">Heimatverein der Gemeinde Nordkirchen e.V.</subfield>
    <subfield code="c">[Oktober 2006]</subfield>
  </datafield>
  <datafield tag="300" ind1=" " ind2=" ">
    <subfield code="a">45 Seiten</subfield>
    <subfield code="b">Karten</subfield>
  </datafield>
  <datafield tag="336" ind1=" " ind2=" ">
    <subfield code="b">txt</subfield>
  </datafield>
  <datafield tag="337" ind1=" " ind2=" ">
    <subfield code="b">n</subfield>
  </datafield>
  <datafield tag="338" ind1=" " ind2=" ">
    <subfield code="b">nc</subfield>
  </datafield>
  <datafield tag="655" ind1=" " ind2="7">
    <subfield code="a">Verzeichnis</subfield>
    <subfield code="0">(DE-588)4188171-0</subfield>
    <subfield code="2">gnd-content</subfield>
  </datafield>
  <datafield tag="689" ind1="0" ind2="0">
    <subfield code="a">Nordkirchen</subfield>
    <subfield code="D">g</subfield>
    <subfield code="0">(DE-588)4042552-6</subfield>
    <subfield code="0">(uri) https://portal.dnb.de/opac.htm?method=simpleSearch&amp;cqlMode=true&amp;query=idn=040425525</subfield>
    <subfield code="0">(uri) http://viaf.org/viaf/sourceID/DNB|040425525</subfield>
    <subfield code="B">GND-040425525</subfield>
  </datafield>
  <datafield tag="689" ind1="0" ind2="1">
    <subfield code="a">Geb&#228;ude</subfield>
    <subfield code="D">s</subfield>
    <subfield code="0">(DE-588)4156127-2</subfield>
    <subfield code="0">(uri) https://portal.dnb.de/opac.htm?method=simpleSearch&amp;cqlMode=true&amp;query=idn=041561279</subfield>
    <subfield code="0">(uri) http://viaf.org/viaf/sourceID/DNB|041561279</subfield>
    <subfield code="B">GND-041561279</subfield>
  </datafield>
  <datafield tag="689" ind1="0" ind2="2">
    <subfield code="a">Eigent&#252;mer</subfield>
    <subfield code="D">s</subfield>
    <subfield code="0">(DE-588)4151183-9</subfield>
    <subfield code="0">(uri) https://portal.dnb.de/opac.htm?method=simpleSearch&amp;cqlMode=true&amp;query=idn=041511832</subfield>
    <subfield code="0">(uri) http://viaf.org/viaf/sourceID/DNB|041511832</subfield>
    <subfield code="B">GND-041511832</subfield>
  </datafield>
  <datafield tag="689" ind1="0" ind2="3">
    <subfield code="a">Geschichte 1805-2000</subfield>
    <subfield code="A">z</subfield>
  </datafield>
  <datafield tag="700" ind1="1" ind2=" ">
    <subfield code="a">Zimmer, Heinz</subfield>
    <subfield code="4">aut</subfield>
  </datafield>
  <datafield tag="960" ind1="1" ind2=" ">
    <subfield code="n">NWBib-6</subfield>
  </datafield>
  <datafield tag="964" ind1="0" ind2="s">
    <subfield code="F">030</subfield>
    <subfield code="A">a|1dr||z|||17</subfield>
  </datafield>
  <datafield tag="964" ind1="0" ind2="s">
    <subfield code="F">050</subfield>
    <subfield code="A">a|a|||||||||||</subfield>
  </datafield>
  <datafield tag="964" ind1="0" ind2="s">
    <subfield code="F">051</subfield>
    <subfield code="A">m|||z|||</subfield>
  </datafield>
  <datafield tag="035" ind1=" " ind2=" ">
    <subfield code="a">(OCoLC)1074614065</subfield>
    <subfield code="0">(uri) http://www.worldcat.org/oclc/1074614065</subfield>
  </datafield>
  <datafield tag="035" ind1=" " ind2=" ">
    <subfield code="a">(DE-599)DNB1006368744</subfield>
  </datafield>
  <datafield tag="MBD" ind1=" " ind2=" ">
    <subfield code="M">49HBZ_NETWORK</subfield>
    <subfield code="i">990182452120206441</subfield>
    <subfield code="n">HBZ Network</subfield>
  </datafield>
  <datafield tag="MNG" ind1=" " ind2=" ">
    <subfield code="c">System</subfield>
    <subfield code="f">ILS</subfield>
    <subfield code="i">marc21</subfield>
    <subfield code="k">01</subfield>
    <subfield code="e">false</subfield>
    <subfield code="d">2021-07-31 04:10:04 Europe/Berlin</subfield>
    <subfield code="g">018245212-HBZ01</subfield>
    <subfield code="j">60</subfield>
    <subfield code="a">import</subfield>
    <subfield code="b">2021-04-05 15:48:15 Europe/Berlin</subfield>
  </datafield>
  <datafield tag="GSI" ind1="7" ind2=" ">
    <subfield code="a">4151183-9</subfield>
    <subfield code="0">http://d-nb.info/gnd/4151183-9</subfield>
    <subfield code="2">gnd</subfield>
    <subfield code="A">GND</subfield>
    <subfield code="B">GND-041511832</subfield>
    <subfield code="C">024</subfield>
  </datafield>
  <datafield tag="GST" ind1=" " ind2=" ">
    <subfield code="a">Haus</subfield>
    <subfield code="g">im weiteren Sinn</subfield>
    <subfield code="A">GND</subfield>
    <subfield code="B">GND-041561279</subfield>
    <subfield code="C">450</subfield>
  </datafield>
  <datafield tag="GSI" ind1="7" ind2=" ">
    <subfield code="a">http://d-nb.info/gnd/4156127-2</subfield>
    <subfield code="2">uri</subfield>
    <subfield code="A">GND</subfield>
    <subfield code="B">GND-041561279</subfield>
    <subfield code="C">024</subfield>
  </datafield>
  <datafield tag="GSI" ind1="7" ind2=" ">
    <subfield code="a">4042552-6</subfield>
    <subfield code="0">http://d-nb.info/gnd/4042552-6</subfield>
    <subfield code="2">gnd</subfield>
    <subfield code="A">GND</subfield>
    <subfield code="B">GND-040425525</subfield>
    <subfield code="C">024</subfield>
  </datafield>
  <datafield tag="GSI" ind1="7" ind2=" ">
    <subfield code="a">2861923</subfield>
    <subfield code="2">geonames</subfield>
    <subfield code="A">GND</subfield>
    <subfield code="B">GND-040425525</subfield>
    <subfield code="C">024</subfield>
  </datafield>
</record>